@phdthesis{schade2019new,
  title={New methods for the ab-initio simulation of correlated systems},
  author={Schade, Robert},
  year={2019},
  school={Nieders{\"a}chsische Staats-und Universit{\"a}tsbibliothek G{\"o}ttingen}
}

@incollection{Pernal2015,
  doi = {10.1007/128_2015_624},
  url = {https://doi.org/10.1007/128_2015_624},
  year = {2015},
  publisher = {Springer International Publishing},
  pages = {125--183},
  author = {Katarzyna Pernal and Klaas J. H. Giesbertz},
  title = {Reduced Density Matrix Functional Theory ({RDMFT}) and Linear Response Time-Dependent {RDMFT} ({TD}-{RDMFT})},
  booktitle = {Density-Functional Methods for Excited States}
}

@article{Gilbert1975,
  doi = {10.1103/physrevb.12.2111},
  url = {https://doi.org/10.1103/physrevb.12.2111},
  year = {1975},
  month = sep,
  publisher = {American Physical Society ({APS})},
  volume = {12},
  number = {6},
  pages = {2111--2120},
  author = {T. L. Gilbert},
  title = {Hohenberg-Kohn theorem for nonlocal external potentials},
  journal = {Physical Review B}
}

@book{legendre1787memoire,
  title={M{\'e}moire sur l'int{\'e}gration de quelques {\'e}quations aux diff{\'e}rences partielles},
  author={Legendre, Adrien Marie},
  year={1787},
  publisher={Imprimerie royale}
}

@article{fenchel1949conjugate,
  title={On conjugate convex functions},
  author={Fenchel, Werner},
  journal={Canadian Journal of Mathematics},
  volume={1},
  number={1},
  pages={73--77},
  year={1949},
  publisher={Cambridge University Press}
}

@article{levy1979universal,
  title={Universal variational functionals of electron densities, first-order density matrices, and natural spin-orbitals and solution of the v-representability problem},
  author={Levy, Mel},
  journal={Proceedings of the National Academy of Sciences},
  volume={76},
  number={12},
  pages={6062--6065},
  year={1979},
  publisher={National Acad Sciences}
}

@article{Valone1980,
  doi = {10.1063/1.440249},
  url = {https://doi.org/10.1063/1.440249},
  year = {1980},
  month = aug,
  publisher = {{AIP} Publishing},
  volume = {73},
  number = {3},
  pages = {1344--1349},
  author = {Steven M. Valone},
  title = {Consequences of extending 1-matrix energy functionals from pure{\textendash}state representable to all ensemble representable 1 matrices},
  journal = {The Journal of Chemical Physics}
}

@article{Bloechl2011,
  doi = {10.1103/physrevb.84.205101},
  url = {https://doi.org/10.1103/physrevb.84.205101},
  year = {2011},
  month = nov,
  publisher = {American Physical Society ({APS})},
  volume = {84},
  number = {20},
  author = {Peter E. Bl\"{o}chl and Christian F. J. Walther and Thomas Pruschke},
  title = {Method to include explicit correlations into density-functional calculations based on density-matrix functional theory},
  journal = {Physical Review B}
}
@article{PBE0rBloechl,
  title = {Closing the gap between theory and experiment for lithium manganese oxide spinels using a high-dimensional neural network potential},
  author = {Eckhoff, Marco and Sch\"onewald, Florian and Risch, Marcel and Volkert, Cynthia A. and Bl\"ochl, Peter E. and Behler, J\"org},
  journal = {Phys. Rev. B},
  volume = {102},
  issue = {17},
  pages = {174102},
  numpages = {19},
  year = {2020},
  month = {Nov},
  publisher = {American Physical Society},
  doi = {10.1103/PhysRevB.102.174102},
  url = {https://link.aps.org/doi/10.1103/PhysRevB.102.174102}
}